<record><leader>00000cas a2200000 a 4500</leader><controlfield tag="001">8079438</controlfield><controlfield tag="008">820120c19549999dcuer ne      0   a0eng c</controlfield><datafield ind1=" " ind2=" " tag="010"><subfield code="a">sn 82001168 </subfield></datafield><datafield ind1=" " ind2=" " tag="040"><subfield code="a">NSD</subfield><subfield code="b">eng</subfield><subfield code="c">NSD</subfield><subfield code="d">DCN</subfield><subfield code="d">OCL</subfield><subfield code="d">NYS</subfield><subfield code="d">OCLCQ</subfield><subfield code="d">OCLCF</subfield><subfield code="d">OCLCO</subfield></datafield><datafield ind1=" " ind2=" " tag="012"><subfield code="l">1</subfield></datafield><datafield ind1="1" ind2=" " tag="022"><subfield code="a">0730-9082</subfield><subfield code="l">0730-9082</subfield><subfield code="2">1</subfield></datafield><datafield ind1="1" ind2=" " tag="029"><subfield code="a">AU@</subfield><subfield code="b">000020624892</subfield></datafield><datafield ind1=" " ind2=" " tag="037"><subfield code="b">1410 Wisconsin Ave., NW, Washington, DC 20007</subfield></datafield><datafield ind1=" " ind2=" " tag="042"><subfield code="a">nsdp</subfield><subfield code="a">pcc</subfield></datafield><datafield ind1=" " ind2=" " tag="043"><subfield code="a">n-us-dc</subfield></datafield><datafield ind1=" " ind2="4" tag="222"><subfield code="a">The Georgetowner</subfield></datafield><datafield ind1="0" ind2="4" tag="245"><subfield code="a">The Georgetowner.</subfield></datafield><datafield ind1=" " ind2=" " tag="260"><subfield code="a">Georgetown [D.C.] :</subfield><subfield code="b">A.C. Stewart,</subfield><subfield code="c">1954-</subfield></datafield><datafield ind1=" " ind2=" " tag="300"><subfield code="a">v. :</subfield><subfield code="b">ill. (some col.) ;</subfield><subfield code="c">36 cm.</subfield></datafield><datafield ind1=" " ind2=" " tag="310"><subfield code="a">Biweekly</subfield></datafield><datafield ind1="0" ind2=" " tag="362"><subfield code="a">Vol. 1, no. 1 (Oct. 7, 1954)-</subfield></datafield><datafield ind1=" " ind2=" " tag="500"><subfield code="a">"The Newspaper whose influence far exceeds its size."</subfield></datafield><datafield ind1=" " ind2=" " tag="530"><subfield code="a">Microfilmed from the collections of the District of Columbia Public Library for the Washington, D.C. Historical Documents Preservation Project.</subfield></datafield><datafield ind1=" " ind2="0" tag="651"><subfield code="a">Washington (D.C.)</subfield><subfield code="v">Newspapers.</subfield></datafield><datafield ind1=" " ind2="0" tag="651"><subfield code="a">Georgetown (Washington, D.C.)</subfield><subfield code="v">Newspapers.</subfield></datafield><datafield ind1=" " ind2="7" tag="655"><subfield code="a">Community newspapers</subfield><subfield code="z">Washington (D.C.)</subfield><subfield code="2">ngl</subfield></datafield><datafield ind1=" " ind2="7" tag="655"><subfield code="a">Newspapers.</subfield><subfield code="2">fast</subfield><subfield code="0">(OCoLC)fst01423814</subfield></datafield><datafield ind1=" " ind2="7" tag="651"><subfield code="a">Washington (D.C.)</subfield><subfield code="2">fast</subfield><subfield code="0">(OCoLC)fst01204505</subfield></datafield><datafield ind1=" " ind2="7" tag="651"><subfield code="a">Washington (D.C.)</subfield><subfield code="z">Georgetown.</subfield><subfield code="2">fast</subfield><subfield code="0">(OCoLC)fst01314225</subfield></datafield><datafield ind1=" " ind2=" " tag="752"><subfield code="a">United States</subfield><subfield code="b">District of Columbia</subfield><subfield code="d">Washington.</subfield></datafield><datafield ind1="1" ind2=" " tag="776"><subfield code="c">Microfilm</subfield><subfield code="w">(OCoLC)24946931</subfield></datafield><datafield ind1="7" ind2=" " tag="856"><subfield code="u">http://www.georgetowner.com/</subfield><subfield code="2">http</subfield></datafield><datafield ind1=" " ind2=" " tag="936"><subfield code="a">Vol. 47, no. 14 (Apr. 19, 2001) LIC</subfield></datafield></record>